<?xml version="1.0" encoding="UTF-8"?><collection xmlns="http://www.loc.gov/MARC21/slim"><record><leader>00581nam--2200181-i-4500</leader><controlfield tag="001">000036164</controlfield><controlfield tag="002">20161230</controlfield><controlfield tag="005">20161230201040</controlfield><controlfield tag="008">060222s1000------------r-----000-0-eng-d</controlfield><datafield ind1=" " ind2=" " tag="040"><subfield code="a">IFIN-HH</subfield></datafield><datafield ind1=" " ind2=" " tag="080"><subfield code="a">536.7=03.82=20</subfield></datafield><datafield ind1="1" ind2=" " tag="100"><subfield code="a">Nashchokin, V.V</subfield></datafield><datafield ind1="1" ind2="0" tag="245"><subfield code="a">Engineering thermodynamics and heat transfer</subfield><subfield code="b">Translated from the russian by s. semyonov</subfield><subfield code="c">V.v.nashchokin</subfield></datafield><datafield ind1=" " ind2=" " tag="260"><subfield code="a">Moscow</subfield><subfield code="b">Mir Publishers</subfield><subfield code="c">1979</subfield></datafield><datafield ind1=" " ind2=" " tag="300"><subfield code="a">572P</subfield></datafield><datafield ind1=" " ind2=" " tag="500"><subfield code="a">Titlul Original In Limba Rusa: Tehniceskaia Termodinamika I Teploperedicia</subfield></datafield><datafield ind1=" " ind2=" " tag="852"><subfield code="a">48985</subfield><subfield code="c">536.7</subfield></datafield><datafield ind1=" " ind2=" " tag="CAT"><subfield code="a">Sys</subfield><subfield code="c">20110531</subfield><subfield code="h">160010</subfield></datafield></record></collection>